[gd_scene load_steps=2 format=2]

[ext_resource path="res://Lobby.gd" type="Script" id=1]

[node name="Lobby" type="Control"]

anchor_left = 0.0
anchor_top = 0.0
anchor_right = 1.0
anchor_bottom = 1.0
rect_pivot_offset = Vector2( 0, 0 )
rect_clip_content = false
mouse_filter = 0
mouse_default_cursor_shape = 0
size_flags_horizontal = 1
size_flags_vertical = 1
script = ExtResource( 1 )

[node name="Player" type="Control" parent="." index="0"]

anchor_left = 0.0
anchor_top = 0.0
anchor_right = 0.0
anchor_bottom = 0.0
margin_left = 870.0
margin_top = 270.0
margin_right = 910.0
margin_bottom = 310.0
rect_pivot_offset = Vector2( 0, 0 )
rect_clip_content = false
mouse_filter = 0
mouse_default_cursor_shape = 0
size_flags_horizontal = 1
size_flags_vertical = 1

[node name="LabelName" type="Label" parent="Player" index="0"]

anchor_left = 0.0
anchor_top = 0.0
anchor_right = 0.0
anchor_bottom = 0.0
margin_left = 12.0
margin_top = -12.0
margin_right = 101.0
margin_bottom = 2.0
rect_pivot_offset = Vector2( 0, 0 )
rect_clip_content = false
mouse_filter = 2
mouse_default_cursor_shape = 0
size_flags_horizontal = 1
size_flags_vertical = 4
text = "Player Name"
percent_visible = 1.0
lines_skipped = 0
max_lines_visible = -1

[node name="InputName" type="LineEdit" parent="Player" index="1"]

anchor_left = 0.0
anchor_top = 0.0
anchor_right = 0.0
anchor_bottom = 0.0
margin_left = 100.0
margin_top = -18.0
margin_right = 225.0
margin_bottom = 6.0
rect_pivot_offset = Vector2( 0, 0 )
rect_clip_content = false
focus_mode = 2
mouse_filter = 0
mouse_default_cursor_shape = 1
size_flags_horizontal = 1
size_flags_vertical = 1
focus_mode = 2
context_menu_enabled = true
placeholder_alpha = 0.6
caret_blink = false
caret_blink_speed = 0.65
caret_position = 0

[node name="PlayerList" type="Control" parent="." index="1"]

anchor_left = 0.0
anchor_top = 0.0
anchor_right = 0.0
anchor_bottom = 0.0
margin_left = 881.0
margin_top = 353.0
margin_right = 921.0
margin_bottom = 393.0
rect_pivot_offset = Vector2( 0, 0 )
rect_clip_content = false
mouse_filter = 0
mouse_default_cursor_shape = 0
size_flags_horizontal = 1
size_flags_vertical = 1

[node name="ItemList" type="ItemList" parent="PlayerList" index="0"]

anchor_left = 0.0
anchor_top = 0.0
anchor_right = 0.0
anchor_bottom = 0.0
margin_top = -48.0
margin_right = 215.0
margin_bottom = 344.0
rect_pivot_offset = Vector2( 0, 0 )
rect_clip_content = true
focus_mode = 2
mouse_filter = 0
mouse_default_cursor_shape = 0
size_flags_horizontal = 1
size_flags_vertical = 1
items = [  ]
select_mode = 0
allow_reselect = false
icon_mode = 1
fixed_icon_size = Vector2( 0, 0 )
_sections_unfolded = [ "Columns" ]

[node name="ButtonStart" type="Button" parent="PlayerList" index="1"]

visible = false
anchor_left = 0.0
anchor_top = 0.0
anchor_right = 0.0
anchor_bottom = 0.0
margin_left = 89.0
margin_top = 351.0
margin_right = 130.0
margin_bottom = 371.0
rect_pivot_offset = Vector2( 0, 0 )
rect_clip_content = false
focus_mode = 2
mouse_filter = 0
mouse_default_cursor_shape = 0
size_flags_horizontal = 1
size_flags_vertical = 1
toggle_mode = false
enabled_focus_mode = 2
shortcut = null
group = null
text = "Start"
flat = false
align = 1

[node name="Host" type="Control" parent="." index="2"]

anchor_left = 0.0
anchor_top = 0.0
anchor_right = 0.0
anchor_bottom = 0.0
margin_left = 881.0
margin_top = 338.0
margin_right = 921.0
margin_bottom = 378.0
rect_pivot_offset = Vector2( 0, 0 )
rect_clip_content = false
mouse_filter = 0
mouse_default_cursor_shape = 0
size_flags_horizontal = 1
size_flags_vertical = 1

[node name="LabelHost" type="Label" parent="Host" index="0"]

anchor_left = 0.0
anchor_top = 0.0
anchor_right = 0.0
anchor_bottom = 0.0
margin_left = 61.0
margin_top = -13.0
margin_right = 152.0
margin_bottom = 1.0
rect_pivot_offset = Vector2( 0, 0 )
rect_clip_content = false
mouse_filter = 2
mouse_default_cursor_shape = 0
size_flags_horizontal = 1
size_flags_vertical = 4
text = "Create a game"
percent_visible = 1.0
lines_skipped = 0
max_lines_visible = -1

[node name="ButtonHost" type="Button" parent="Host" index="1"]

anchor_left = 0.0
anchor_top = 0.0
anchor_right = 0.0
anchor_bottom = 0.0
margin_left = 87.0
margin_top = 8.0
margin_right = 129.0
margin_bottom = 28.0
rect_pivot_offset = Vector2( 0, 0 )
rect_clip_content = false
focus_mode = 2
mouse_filter = 0
mouse_default_cursor_shape = 0
size_flags_horizontal = 1
size_flags_vertical = 1
disabled = true
toggle_mode = false
enabled_focus_mode = 2
shortcut = null
group = null
text = "Host"
flat = false
align = 1

[node name="Join" type="Control" parent="." index="3"]

anchor_left = 0.0
anchor_top = 0.0
anchor_right = 0.0
anchor_bottom = 0.0
margin_left = 881.0
margin_top = 308.0
margin_right = 921.0
margin_bottom = 348.0
rect_pivot_offset = Vector2( 0, 0 )
rect_clip_content = false
mouse_filter = 0
mouse_default_cursor_shape = 0
size_flags_horizontal = 1
size_flags_vertical = 1

[node name="LabelJoin" type="Label" parent="Join" index="0"]

anchor_left = 0.0
anchor_top = 0.0
anchor_right = 0.0
anchor_bottom = 0.0
margin_left = 73.0
margin_top = 179.0
margin_right = 146.0
margin_bottom = 193.0
rect_pivot_offset = Vector2( 0, 0 )
rect_clip_content = false
mouse_filter = 2
mouse_default_cursor_shape = 0
size_flags_horizontal = 1
size_flags_vertical = 4
text = "Join a game"
percent_visible = 1.0
lines_skipped = 0
max_lines_visible = -1

[node name="InputIp" type="LineEdit" parent="Join" index="1"]

anchor_left = 0.0
anchor_top = 0.0
anchor_right = 0.0
anchor_bottom = 0.0
margin_left = 45.0
margin_top = 202.0
margin_right = 195.0
margin_bottom = 226.0
rect_pivot_offset = Vector2( 0, 0 )
rect_clip_content = false
focus_mode = 2
mouse_filter = 0
mouse_default_cursor_shape = 1
size_flags_horizontal = 1
size_flags_vertical = 1
text = "127.0.0.1"
focus_mode = 2
context_menu_enabled = true
placeholder_alpha = 0.6
caret_blink = false
caret_blink_speed = 0.65
caret_position = 0
_sections_unfolded = [ "Placeholder" ]

[node name="LabelIp" type="Label" parent="Join" index="2"]

anchor_left = 0.0
anchor_top = 0.0
anchor_right = 0.0
anchor_bottom = 0.0
margin_left = 23.0
margin_top = 208.0
margin_right = 63.0
margin_bottom = 222.0
rect_pivot_offset = Vector2( 0, 0 )
rect_clip_content = false
mouse_filter = 2
mouse_default_cursor_shape = 0
size_flags_horizontal = 1
size_flags_vertical = 4
text = "IP"
percent_visible = 1.0
lines_skipped = 0
max_lines_visible = -1

[node name="ButtonJoin" type="Button" parent="Join" index="3"]

anchor_left = 0.0
anchor_top = 0.0
anchor_right = 0.0
anchor_bottom = 0.0
margin_left = 90.0
margin_top = 235.0
margin_right = 125.0
margin_bottom = 255.0
rect_pivot_offset = Vector2( 0, 0 )
rect_clip_content = false
focus_mode = 2
mouse_filter = 0
mouse_default_cursor_shape = 0
size_flags_horizontal = 1
size_flags_vertical = 1
disabled = true
toggle_mode = false
enabled_focus_mode = 2
shortcut = null
group = null
text = "Join"
flat = false
align = 1

[connection signal="text_changed" from="Player/InputName" to="." method="_on_InputName_text_changed"]

[connection signal="pressed" from="PlayerList/ButtonStart" to="." method="_on_ButtonStart_pressed"]

[connection signal="pressed" from="Host/ButtonHost" to="." method="_on_ButtonHost_pressed"]

[connection signal="pressed" from="Join/ButtonJoin" to="." method="_on_ButtonJoin_pressed"]


