[gd_scene load_steps=10 format=2]

[ext_resource path="res://Unit_Rail.gd" type="Script" id=1]
[ext_resource path="res://assets/models/Unit_Rail.dae" type="PackedScene" id=2]
[ext_resource path="res://assets/graphics/rail_particle.png" type="Texture" id=3]
[ext_resource path="res://HealthBar.tscn" type="PackedScene" id=4]
[ext_resource path="res://CooldownBar.tscn" type="PackedScene" id=5]

[sub_resource type="CapsuleShape" id=1]

radius = 2.18107
height = 1.40084

[sub_resource type="SpatialMaterial" id=2]

render_priority = 0
flags_transparent = true
flags_unshaded = false
flags_vertex_lighting = false
flags_no_depth_test = false
flags_use_point_size = false
flags_world_triplanar = false
flags_fixed_size = false
flags_albedo_tex_force_srgb = false
vertex_color_use_as_albedo = false
vertex_color_is_srgb = false
params_diffuse_mode = 0
params_specular_mode = 0
params_blend_mode = 0
params_cull_mode = 0
params_depth_draw_mode = 0
params_line_width = 1.0
params_point_size = 1.0
params_billboard_mode = 1
params_grow = false
params_use_alpha_scissor = false
albedo_color = Color( 1, 1, 1, 0.486196 )
albedo_texture = ExtResource( 3 )
metallic = 0.0
metallic_specular = 0.5
metallic_texture_channel = 0
roughness = 0.0
roughness_texture_channel = 0
emission_enabled = true
emission = Color( 0.179688, 0.211731, 1, 1 )
emission_energy = 6.99
emission_operator = 0
emission_on_uv2 = false
normal_enabled = false
rim_enabled = false
clearcoat_enabled = false
anisotropy_enabled = false
ao_enabled = false
depth_enabled = false
subsurf_scatter_enabled = false
transmission_enabled = false
refraction_enabled = false
detail_enabled = false
uv1_scale = Vector3( 1, 1, 1 )
uv1_offset = Vector3( 0, 0, 0 )
uv1_triplanar = false
uv1_triplanar_sharpness = 1.0
uv2_scale = Vector3( 1, 1, 1 )
uv2_offset = Vector3( 0, 0, 0 )
uv2_triplanar = false
uv2_triplanar_sharpness = 1.0
proximity_fade_enable = false
distance_fade_enable = false
_sections_unfolded = [ "Albedo", "Emission", "Flags", "Parameters" ]

[sub_resource type="ParticlesMaterial" id=3]

render_priority = 0
trail_divisor = 1
emission_shape = 2
emission_box_extents = Vector3( 0.1, 0.1, 100 )
flag_align_y = false
flag_rotate_y = false
flag_disable_z = false
spread = 0.0
flatness = 0.0
gravity = Vector3( 0, 0, 0 )
initial_velocity = 0.5
initial_velocity_random = 0.0
angular_velocity = 0.0
angular_velocity_random = 0.0
linear_accel = 0.0
linear_accel_random = 0.0
radial_accel = 0.0
radial_accel_random = 0.0
tangential_accel = 0.0
tangential_accel_random = 0.0
damping = 0.0
damping_random = 0.0
angle = 0.0
angle_random = 0.0
scale = 1.0
scale_random = 1.0
color = Color( 1, 1, 1, 0.508274 )
hue_variation = 0.0
hue_variation_random = 0.0
anim_speed = 0.0
anim_speed_random = 0.0
anim_offset = 0.0
anim_offset_random = 0.0
anim_loop = false
_sections_unfolded = [ "Color", "Emission Shape", "Flags", "Gravity", "Initial Velocity", "Scale", "Spread", "Trail" ]

[sub_resource type="QuadMesh" id=4]

custom_aabb = AABB( 0, 0, 0, 0, 0, 0 )
size = Vector2( 1, 1 )

[node name="Unit_Rail" type="RigidBody" index="0"]

input_ray_pickable = true
input_capture_on_drag = false
collision_layer = 1
collision_mask = 1
mode = 0
mass = 1.0
friction = 1.0
bounce = 0.0
gravity_scale = 0.0
custom_integrator = false
continuous_cd = false
contacts_reported = 0
contact_monitor = false
sleeping = false
can_sleep = true
axis_lock_linear_x = false
axis_lock_linear_y = true
axis_lock_linear_z = false
axis_lock_angular_x = true
axis_lock_angular_y = false
axis_lock_angular_z = true
linear_velocity = Vector3( 0, 0, 0 )
linear_damp = -1.0
angular_velocity = Vector3( 0, 0, 0 )
angular_damp = -1.0
script = ExtResource( 1 )
_sections_unfolded = [ "Angular", "Axis Lock", "Collision", "Linear", "Transform" ]

[node name="CollisionShape" type="CollisionShape" parent="." index="0"]

transform = Transform( 1, 0, 0, 0, 1, 0, 0, 0, 1, 0.00604832, 1.43161, -0.0130517 )
shape = SubResource( 1 )
disabled = false
_sections_unfolded = [ "Transform" ]

[node name="ScaleWrapper" type="Spatial" parent="." index="1"]

[node name="Model" parent="ScaleWrapper" index="0" instance=ExtResource( 2 )]

transform = Transform( 1, 0, 0, 0, 1, 0, 0, 0, 1, 0, 1.07025, 0 )
_sections_unfolded = [ "Transform" ]

[node name="Particles" type="Particles" parent="ScaleWrapper" index="1"]

transform = Transform( -1, 0, -3.25841e-07, 0, 1, 0, 3.25841e-07, 0, -1, 0, 1.13121, -0.817612 )
visible = false
layers = 1
material_override = SubResource( 2 )
cast_shadow = 1
extra_cull_margin = 0.0
use_in_baked_light = false
lod_min_distance = 0.0
lod_min_hysteresis = 0.0
lod_max_distance = 0.0
lod_max_hysteresis = 0.0
emitting = true
amount = 1000
lifetime = 5.0
one_shot = false
preprocess = 0.0
speed_scale = 1.0
explosiveness = 0.0
randomness = 0.0
fixed_fps = 0
fract_delta = true
visibility_aabb = AABB( -4, -4, -4, 8, 8, 8 )
local_coords = true
draw_order = 1
process_material = SubResource( 3 )
draw_passes = 1
draw_pass_1 = SubResource( 4 )
_sections_unfolded = [ "Draw Passes", "Drawing", "Geometry", "Process Material", "Time", "Transform", "Visibility" ]

[node name="HealthBar" parent="ScaleWrapper" index="2" instance=ExtResource( 4 )]

transform = Transform( 1, 0, 0, 0, 1, 0, 0, 0, 1, 0, 4.28869, 0 )

[node name="CooldownBar" parent="ScaleWrapper" index="3" instance=ExtResource( 5 )]

transform = Transform( 1, 0, 0, 0, 1, 0, 0, 0, 1, 0, 3.69948, 0 )
visible = false

[connection signal="input_event" from="." to="." method="_on_Tank_input_event"]


