[gd_scene format=2]

[node name="Control" type="Control"]

anchor_left = 0.0
anchor_top = 0.0
anchor_right = 1.0
anchor_bottom = 1.0
rect_pivot_offset = Vector2( 0, 0 )
rect_clip_content = false
mouse_filter = 0
mouse_default_cursor_shape = 0
size_flags_horizontal = 1
size_flags_vertical = 1

[node name="HBoxContainer" type="HBoxContainer" parent="." index="0"]

anchor_left = 0.0
anchor_top = 0.0
anchor_right = 1.0
anchor_bottom = 1.0
rect_pivot_offset = Vector2( 0, 0 )
rect_clip_content = false
mouse_filter = 1
mouse_default_cursor_shape = 0
size_flags_horizontal = 1
size_flags_vertical = 1
alignment = 0

[node name="VBoxContainer" type="VBoxContainer" parent="HBoxContainer" index="0"]

anchor_left = 0.0
anchor_top = 0.0
anchor_right = 0.0
anchor_bottom = 0.0
margin_right = 548.0
margin_bottom = 2242.0
rect_pivot_offset = Vector2( 0, 0 )
rect_clip_content = false
mouse_filter = 1
mouse_default_cursor_shape = 0
size_flags_horizontal = 1
size_flags_vertical = 1
alignment = 0

[node name="Label" type="Label" parent="HBoxContainer/VBoxContainer" index="0"]

anchor_left = 0.0
anchor_top = 0.0
anchor_right = 0.0
anchor_bottom = 0.0
margin_right = 548.0
margin_bottom = 14.0
rect_pivot_offset = Vector2( 0, 0 )
rect_clip_content = false
mouse_filter = 2
mouse_default_cursor_shape = 0
size_flags_horizontal = 1
size_flags_vertical = 4
text = "asdfasdfasdf"
percent_visible = 1.0
lines_skipped = 0
max_lines_visible = -1

[node name="Label2" type="Label" parent="HBoxContainer/VBoxContainer" index="1"]

anchor_left = 0.0
anchor_top = 0.0
anchor_right = 0.0
anchor_bottom = 0.0
margin_top = 18.0
margin_right = 548.0
margin_bottom = 2242.0
rect_pivot_offset = Vector2( 0, 0 )
rect_clip_content = false
mouse_filter = 2
mouse_default_cursor_shape = 0
size_flags_horizontal = 1
size_flags_vertical = 4
text = "asdfasdfasdfads lasdijuhf aisjuhdn fjwndofihw oduhsldknf oslidfh 
adfv bwr
 tb
erwth etzh etzj
rtz jntez jtezj tezjet
 hwerth srt h viuwbdoivh n
t bw
st
hg
er ge
rhg riugb iucb iuhbi uasdfasdfasdfads lasdijuhf aisjuhdn fjwndofihw oduhsldknf oslidfh 
adfv bwr
 tb
erwth etzh etzj
rtz jntez jtezj tezjet
 hwerth srt h viuwbdoivh n
t bw
st
hg
er ge
rhg riugb iucb iuhbi uasdfasdfasdfads lasdijuhf aisjuhdn fjwndofihw oduhsldknf oslidfh 
adfv bwr
 tb
erwth etzh etzj
rtz jntez jtezj tezjet
 hwerth srt h viuwbdoivh n
t bw
st
hg
er ge
rhg riugb iucb iuhbi uasdfasdfasdfads lasdijuhf aisjuhdn fjwndofihw oduhsldknf oslidfh 
adfv bwr
 tb
erwth etzh etzj
rtz jntez jtezj tezjet
 hwerth srt h viuwbdoivh n
t bw
st
hg
er ge
rhg riugb iucb iuhbi uasdfasdfasdfads lasdijuhf aisjuhdn fjwndofihw oduhsldknf oslidfh 
adfv bwr
 tb
erwth etzh etzj
rtz jntez jtezj tezjet
 hwerth srt h viuwbdoivh n
t bw
st
hg
er ge
rhg riugb iucb iuhbi uasdfasdfasdfads lasdijuhf aisjuhdn fjwndofihw oduhsldknf oslidfh 
adfv bwr
 tb
erwth etzh etzj
rtz jntez jtezj tezjet
 hwerth srt h viuwbdoivh n
t bw
st
hg
er ge
rhg riugb iucb iuhbi uasdfasdfasdfads lasdijuhf aisjuhdn fjwndofihw oduhsldknf oslidfh 
adfv bwr
 tb
erwth etzh etzj
rtz jntez jtezj tezjet
 hwerth srt h viuwbdoivh n
t bw
st
hg
er ge
rhg riugb iucb iuhbi uasdfasdfasdfads lasdijuhf aisjuhdn fjwndofihw oduhsldknf oslidfh 
adfv bwr
 tb
erwth etzh etzj
rtz jntez jtezj tezjet
 hwerth srt h viuwbdoivh n
t bw
st
hg
er ge
rhg riugb iucb iuhbi uasdfasdfasdfads lasdijuhf aisjuhdn fjwndofihw oduhsldknf oslidfh 
adfv bwr
 tb
erwth etzh etzj
rtz jntez jtezj tezjet
 hwerth srt h viuwbdoivh n
t bw
st
hg
er ge
rhg riugb iucb iuhbi uasdfasdfasdfads lasdijuhf aisjuhdn fjwndofihw oduhsldknf oslidfh 
adfv bwr
 tb
erwth etzh etzj
rtz jntez jtezj tezjet
 hwerth srt h viuwbdoivh n
t bw
st
hg
er ge
rhg riugb iucb iuhbi uasdfasdfasdfads lasdijuhf aisjuhdn fjwndofihw oduhsldknf oslidfh 
adfv bwr
 tb
erwth etzh etzj
rtz jntez jtezj tezjet
 hwerth srt h viuwbdoivh n
t bw
st
hg
er ge
rhg riugb iucb iuhbi uasdfasdfasdfads lasdijuhf aisjuhdn fjwndofihw oduhsldknf oslidfh 
adfv bwr
 tb
erwth etzh etzj
rtz jntez jtezj tezjet
 hwerth srt h viuwbdoivh n
t bw
st
hg
er ge
rhg riugb iucb iuhbi uasdfasdfasdfads lasdijuhf aisjuhdn fjwndofihw oduhsldknf oslidfh 
adfv bwr
 tb
erwth etzh etzj
rtz jntez jtezj tezjet
 hwerth srt h viuwbdoivh n
t bw
st
hg
er ge
rhg riugb iucb iuhbi u"
percent_visible = 1.0
lines_skipped = 0
max_lines_visible = -1

[node name="VBoxContainer2" type="VBoxContainer" parent="HBoxContainer" index="1"]

anchor_left = 0.0
anchor_top = 0.0
anchor_right = 0.0
anchor_bottom = 0.0
margin_left = 552.0
margin_right = 1100.0
margin_bottom = 2242.0
rect_pivot_offset = Vector2( 0, 0 )
rect_clip_content = false
mouse_filter = 1
mouse_default_cursor_shape = 0
size_flags_horizontal = 1
size_flags_vertical = 1
alignment = 0

[node name="Label" type="Label" parent="HBoxContainer/VBoxContainer2" index="0"]

anchor_left = 0.0
anchor_top = 0.0
anchor_right = 0.0
anchor_bottom = 0.0
margin_right = 548.0
margin_bottom = 14.0
rect_pivot_offset = Vector2( 0, 0 )
rect_clip_content = false
mouse_filter = 2
mouse_default_cursor_shape = 0
size_flags_horizontal = 1
size_flags_vertical = 4
text = "asdfasdfasdf"
percent_visible = 1.0
lines_skipped = 0
max_lines_visible = -1

[node name="Label2" type="Label" parent="HBoxContainer/VBoxContainer2" index="1"]

anchor_left = 0.0
anchor_top = 0.0
anchor_right = 0.0
anchor_bottom = 0.0
margin_top = 18.0
margin_right = 548.0
margin_bottom = 2242.0
rect_pivot_offset = Vector2( 0, 0 )
rect_clip_content = false
mouse_filter = 2
mouse_default_cursor_shape = 0
size_flags_horizontal = 1
size_flags_vertical = 4
text = "asdfasdfasdfads lasdijuhf aisjuhdn fjwndofihw oduhsldknf oslidfh 
adfv bwr
 tb
erwth etzh etzj
rtz jntez jtezj tezjet
 hwerth srt h viuwbdoivh n
t bw
st
hg
er ge
rhg riugb iucb iuhbi uasdfasdfasdfads lasdijuhf aisjuhdn fjwndofihw oduhsldknf oslidfh 
adfv bwr
 tb
erwth etzh etzj
rtz jntez jtezj tezjet
 hwerth srt h viuwbdoivh n
t bw
st
hg
er ge
rhg riugb iucb iuhbi uasdfasdfasdfads lasdijuhf aisjuhdn fjwndofihw oduhsldknf oslidfh 
adfv bwr
 tb
erwth etzh etzj
rtz jntez jtezj tezjet
 hwerth srt h viuwbdoivh n
t bw
st
hg
er ge
rhg riugb iucb iuhbi uasdfasdfasdfads lasdijuhf aisjuhdn fjwndofihw oduhsldknf oslidfh 
adfv bwr
 tb
erwth etzh etzj
rtz jntez jtezj tezjet
 hwerth srt h viuwbdoivh n
t bw
st
hg
er ge
rhg riugb iucb iuhbi uasdfasdfasdfads lasdijuhf aisjuhdn fjwndofihw oduhsldknf oslidfh 
adfv bwr
 tb
erwth etzh etzj
rtz jntez jtezj tezjet
 hwerth srt h viuwbdoivh n
t bw
st
hg
er ge
rhg riugb iucb iuhbi uasdfasdfasdfads lasdijuhf aisjuhdn fjwndofihw oduhsldknf oslidfh 
adfv bwr
 tb
erwth etzh etzj
rtz jntez jtezj tezjet
 hwerth srt h viuwbdoivh n
t bw
st
hg
er ge
rhg riugb iucb iuhbi uasdfasdfasdfads lasdijuhf aisjuhdn fjwndofihw oduhsldknf oslidfh 
adfv bwr
 tb
erwth etzh etzj
rtz jntez jtezj tezjet
 hwerth srt h viuwbdoivh n
t bw
st
hg
er ge
rhg riugb iucb iuhbi uasdfasdfasdfads lasdijuhf aisjuhdn fjwndofihw oduhsldknf oslidfh 
adfv bwr
 tb
erwth etzh etzj
rtz jntez jtezj tezjet
 hwerth srt h viuwbdoivh n
t bw
st
hg
er ge
rhg riugb iucb iuhbi uasdfasdfasdfads lasdijuhf aisjuhdn fjwndofihw oduhsldknf oslidfh 
adfv bwr
 tb
erwth etzh etzj
rtz jntez jtezj tezjet
 hwerth srt h viuwbdoivh n
t bw
st
hg
er ge
rhg riugb iucb iuhbi uasdfasdfasdfads lasdijuhf aisjuhdn fjwndofihw oduhsldknf oslidfh 
adfv bwr
 tb
erwth etzh etzj
rtz jntez jtezj tezjet
 hwerth srt h viuwbdoivh n
t bw
st
hg
er ge
rhg riugb iucb iuhbi uasdfasdfasdfads lasdijuhf aisjuhdn fjwndofihw oduhsldknf oslidfh 
adfv bwr
 tb
erwth etzh etzj
rtz jntez jtezj tezjet
 hwerth srt h viuwbdoivh n
t bw
st
hg
er ge
rhg riugb iucb iuhbi uasdfasdfasdfads lasdijuhf aisjuhdn fjwndofihw oduhsldknf oslidfh 
adfv bwr
 tb
erwth etzh etzj
rtz jntez jtezj tezjet
 hwerth srt h viuwbdoivh n
t bw
st
hg
er ge
rhg riugb iucb iuhbi uasdfasdfasdfads lasdijuhf aisjuhdn fjwndofihw oduhsldknf oslidfh 
adfv bwr
 tb
erwth etzh etzj
rtz jntez jtezj tezjet
 hwerth srt h viuwbdoivh n
t bw
st
hg
er ge
rhg riugb iucb iuhbi u"
percent_visible = 1.0
lines_skipped = 0
max_lines_visible = -1

[node name="VBoxContainer3" type="VBoxContainer" parent="HBoxContainer" index="2"]

anchor_left = 0.0
anchor_top = 0.0
anchor_right = 0.0
anchor_bottom = 0.0
margin_left = 1104.0
margin_right = 1652.0
margin_bottom = 2242.0
rect_pivot_offset = Vector2( 0, 0 )
rect_clip_content = false
mouse_filter = 1
mouse_default_cursor_shape = 0
size_flags_horizontal = 1
size_flags_vertical = 1
alignment = 0

[node name="Label" type="Label" parent="HBoxContainer/VBoxContainer3" index="0"]

anchor_left = 0.0
anchor_top = 0.0
anchor_right = 0.0
anchor_bottom = 0.0
margin_right = 548.0
margin_bottom = 14.0
rect_pivot_offset = Vector2( 0, 0 )
rect_clip_content = false
mouse_filter = 2
mouse_default_cursor_shape = 0
size_flags_horizontal = 1
size_flags_vertical = 4
text = "asdfasdfasdf"
percent_visible = 1.0
lines_skipped = 0
max_lines_visible = -1

[node name="Label2" type="Label" parent="HBoxContainer/VBoxContainer3" index="1"]

anchor_left = 0.0
anchor_top = 0.0
anchor_right = 0.0
anchor_bottom = 0.0
margin_top = 18.0
margin_right = 548.0
margin_bottom = 2242.0
rect_pivot_offset = Vector2( 0, 0 )
rect_clip_content = false
mouse_filter = 2
mouse_default_cursor_shape = 0
size_flags_horizontal = 1
size_flags_vertical = 4
text = "asdfasdfasdfads lasdijuhf aisjuhdn fjwndofihw oduhsldknf oslidfh 
adfv bwr
 tb
erwth etzh etzj
rtz jntez jtezj tezjet
 hwerth srt h viuwbdoivh n
t bw
st
hg
er ge
rhg riugb iucb iuhbi uasdfasdfasdfads lasdijuhf aisjuhdn fjwndofihw oduhsldknf oslidfh 
adfv bwr
 tb
erwth etzh etzj
rtz jntez jtezj tezjet
 hwerth srt h viuwbdoivh n
t bw
st
hg
er ge
rhg riugb iucb iuhbi uasdfasdfasdfads lasdijuhf aisjuhdn fjwndofihw oduhsldknf oslidfh 
adfv bwr
 tb
erwth etzh etzj
rtz jntez jtezj tezjet
 hwerth srt h viuwbdoivh n
t bw
st
hg
er ge
rhg riugb iucb iuhbi uasdfasdfasdfads lasdijuhf aisjuhdn fjwndofihw oduhsldknf oslidfh 
adfv bwr
 tb
erwth etzh etzj
rtz jntez jtezj tezjet
 hwerth srt h viuwbdoivh n
t bw
st
hg
er ge
rhg riugb iucb iuhbi uasdfasdfasdfads lasdijuhf aisjuhdn fjwndofihw oduhsldknf oslidfh 
adfv bwr
 tb
erwth etzh etzj
rtz jntez jtezj tezjet
 hwerth srt h viuwbdoivh n
t bw
st
hg
er ge
rhg riugb iucb iuhbi uasdfasdfasdfads lasdijuhf aisjuhdn fjwndofihw oduhsldknf oslidfh 
adfv bwr
 tb
erwth etzh etzj
rtz jntez jtezj tezjet
 hwerth srt h viuwbdoivh n
t bw
st
hg
er ge
rhg riugb iucb iuhbi uasdfasdfasdfads lasdijuhf aisjuhdn fjwndofihw oduhsldknf oslidfh 
adfv bwr
 tb
erwth etzh etzj
rtz jntez jtezj tezjet
 hwerth srt h viuwbdoivh n
t bw
st
hg
er ge
rhg riugb iucb iuhbi uasdfasdfasdfads lasdijuhf aisjuhdn fjwndofihw oduhsldknf oslidfh 
adfv bwr
 tb
erwth etzh etzj
rtz jntez jtezj tezjet
 hwerth srt h viuwbdoivh n
t bw
st
hg
er ge
rhg riugb iucb iuhbi uasdfasdfasdfads lasdijuhf aisjuhdn fjwndofihw oduhsldknf oslidfh 
adfv bwr
 tb
erwth etzh etzj
rtz jntez jtezj tezjet
 hwerth srt h viuwbdoivh n
t bw
st
hg
er ge
rhg riugb iucb iuhbi uasdfasdfasdfads lasdijuhf aisjuhdn fjwndofihw oduhsldknf oslidfh 
adfv bwr
 tb
erwth etzh etzj
rtz jntez jtezj tezjet
 hwerth srt h viuwbdoivh n
t bw
st
hg
er ge
rhg riugb iucb iuhbi uasdfasdfasdfads lasdijuhf aisjuhdn fjwndofihw oduhsldknf oslidfh 
adfv bwr
 tb
erwth etzh etzj
rtz jntez jtezj tezjet
 hwerth srt h viuwbdoivh n
t bw
st
hg
er ge
rhg riugb iucb iuhbi uasdfasdfasdfads lasdijuhf aisjuhdn fjwndofihw oduhsldknf oslidfh 
adfv bwr
 tb
erwth etzh etzj
rtz jntez jtezj tezjet
 hwerth srt h viuwbdoivh n
t bw
st
hg
er ge
rhg riugb iucb iuhbi uasdfasdfasdfads lasdijuhf aisjuhdn fjwndofihw oduhsldknf oslidfh 
adfv bwr
 tb
erwth etzh etzj
rtz jntez jtezj tezjet
 hwerth srt h viuwbdoivh n
t bw
st
hg
er ge
rhg riugb iucb iuhbi u"
percent_visible = 1.0
lines_skipped = 0
max_lines_visible = -1

[node name="VBoxContainer4" type="VBoxContainer" parent="HBoxContainer" index="3"]

anchor_left = 0.0
anchor_top = 0.0
anchor_right = 0.0
anchor_bottom = 0.0
margin_left = 1656.0
margin_right = 2204.0
margin_bottom = 2242.0
rect_pivot_offset = Vector2( 0, 0 )
rect_clip_content = false
mouse_filter = 1
mouse_default_cursor_shape = 0
size_flags_horizontal = 1
size_flags_vertical = 1
alignment = 0

[node name="Label" type="Label" parent="HBoxContainer/VBoxContainer4" index="0"]

anchor_left = 0.0
anchor_top = 0.0
anchor_right = 0.0
anchor_bottom = 0.0
margin_right = 548.0
margin_bottom = 14.0
rect_pivot_offset = Vector2( 0, 0 )
rect_clip_content = false
mouse_filter = 2
mouse_default_cursor_shape = 0
size_flags_horizontal = 1
size_flags_vertical = 4
text = "asdfasdfasdf"
percent_visible = 1.0
lines_skipped = 0
max_lines_visible = -1

[node name="Label2" type="Label" parent="HBoxContainer/VBoxContainer4" index="1"]

anchor_left = 0.0
anchor_top = 0.0
anchor_right = 0.0
anchor_bottom = 0.0
margin_top = 18.0
margin_right = 548.0
margin_bottom = 2242.0
rect_pivot_offset = Vector2( 0, 0 )
rect_clip_content = false
mouse_filter = 2
mouse_default_cursor_shape = 0
size_flags_horizontal = 1
size_flags_vertical = 4
text = "asdfasdfasdfads lasdijuhf aisjuhdn fjwndofihw oduhsldknf oslidfh 
adfv bwr
 tb
erwth etzh etzj
rtz jntez jtezj tezjet
 hwerth srt h viuwbdoivh n
t bw
st
hg
er ge
rhg riugb iucb iuhbi uasdfasdfasdfads lasdijuhf aisjuhdn fjwndofihw oduhsldknf oslidfh 
adfv bwr
 tb
erwth etzh etzj
rtz jntez jtezj tezjet
 hwerth srt h viuwbdoivh n
t bw
st
hg
er ge
rhg riugb iucb iuhbi uasdfasdfasdfads lasdijuhf aisjuhdn fjwndofihw oduhsldknf oslidfh 
adfv bwr
 tb
erwth etzh etzj
rtz jntez jtezj tezjet
 hwerth srt h viuwbdoivh n
t bw
st
hg
er ge
rhg riugb iucb iuhbi uasdfasdfasdfads lasdijuhf aisjuhdn fjwndofihw oduhsldknf oslidfh 
adfv bwr
 tb
erwth etzh etzj
rtz jntez jtezj tezjet
 hwerth srt h viuwbdoivh n
t bw
st
hg
er ge
rhg riugb iucb iuhbi uasdfasdfasdfads lasdijuhf aisjuhdn fjwndofihw oduhsldknf oslidfh 
adfv bwr
 tb
erwth etzh etzj
rtz jntez jtezj tezjet
 hwerth srt h viuwbdoivh n
t bw
st
hg
er ge
rhg riugb iucb iuhbi uasdfasdfasdfads lasdijuhf aisjuhdn fjwndofihw oduhsldknf oslidfh 
adfv bwr
 tb
erwth etzh etzj
rtz jntez jtezj tezjet
 hwerth srt h viuwbdoivh n
t bw
st
hg
er ge
rhg riugb iucb iuhbi uasdfasdfasdfads lasdijuhf aisjuhdn fjwndofihw oduhsldknf oslidfh 
adfv bwr
 tb
erwth etzh etzj
rtz jntez jtezj tezjet
 hwerth srt h viuwbdoivh n
t bw
st
hg
er ge
rhg riugb iucb iuhbi uasdfasdfasdfads lasdijuhf aisjuhdn fjwndofihw oduhsldknf oslidfh 
adfv bwr
 tb
erwth etzh etzj
rtz jntez jtezj tezjet
 hwerth srt h viuwbdoivh n
t bw
st
hg
er ge
rhg riugb iucb iuhbi uasdfasdfasdfads lasdijuhf aisjuhdn fjwndofihw oduhsldknf oslidfh 
adfv bwr
 tb
erwth etzh etzj
rtz jntez jtezj tezjet
 hwerth srt h viuwbdoivh n
t bw
st
hg
er ge
rhg riugb iucb iuhbi uasdfasdfasdfads lasdijuhf aisjuhdn fjwndofihw oduhsldknf oslidfh 
adfv bwr
 tb
erwth etzh etzj
rtz jntez jtezj tezjet
 hwerth srt h viuwbdoivh n
t bw
st
hg
er ge
rhg riugb iucb iuhbi uasdfasdfasdfads lasdijuhf aisjuhdn fjwndofihw oduhsldknf oslidfh 
adfv bwr
 tb
erwth etzh etzj
rtz jntez jtezj tezjet
 hwerth srt h viuwbdoivh n
t bw
st
hg
er ge
rhg riugb iucb iuhbi uasdfasdfasdfads lasdijuhf aisjuhdn fjwndofihw oduhsldknf oslidfh 
adfv bwr
 tb
erwth etzh etzj
rtz jntez jtezj tezjet
 hwerth srt h viuwbdoivh n
t bw
st
hg
er ge
rhg riugb iucb iuhbi uasdfasdfasdfads lasdijuhf aisjuhdn fjwndofihw oduhsldknf oslidfh 
adfv bwr
 tb
erwth etzh etzj
rtz jntez jtezj tezjet
 hwerth srt h viuwbdoivh n
t bw
st
hg
er ge
rhg riugb iucb iuhbi u"
percent_visible = 1.0
lines_skipped = 0
max_lines_visible = -1


